<record><leader>00000cas a22000007a 4500</leader><controlfield tag="001">39232073</controlfield><controlfield tag="008">980605d191u193uncuwr ne      0    0eng d</controlfield><datafield ind1=" " ind2=" " tag="010"><subfield code="a">sn 97064638 </subfield></datafield><datafield ind1=" " ind2=" " tag="040"><subfield code="a">NVJ</subfield><subfield code="b">eng</subfield><subfield code="c">NVJ</subfield><subfield code="d">OCLCQ</subfield></datafield><datafield ind1=" " ind2=" " tag="042"><subfield code="a">msc</subfield></datafield><datafield ind1="0" ind2=" " tag="130"><subfield code="a">Duplin record (Warsaw, N.C.)</subfield></datafield><datafield ind1="1" ind2="4" tag="245"><subfield code="a">The Duplin record.</subfield></datafield><datafield ind1=" " ind2=" " tag="260"><subfield code="a">Warsaw, N.C. :</subfield><subfield code="b">Robert S. Taylor</subfield></datafield><datafield ind1=" " ind2=" " tag="300"><subfield code="a">v.</subfield></datafield><datafield ind1=" " ind2=" " tag="310"><subfield code="a">Weekly</subfield></datafield><datafield ind1=" " ind2=" " tag="588"><subfield code="a">Description based on: Vol. 6, no. 44 (Mar. 3, 1921).</subfield></datafield><datafield ind1=" " ind2=" " tag="752"><subfield code="a">United States</subfield><subfield code="b">North Carolina</subfield><subfield code="c">Duplin</subfield><subfield code="d">Warsaw.</subfield></datafield><datafield ind1="0" ind2="7" tag="785"><subfield code="t">Duplin journal (Faison, N.C.)</subfield><subfield code="w">(DLC)sn 91068106</subfield></datafield><datafield ind1="0" ind2="7" tag="785"><subfield code="t">Duplin herald (Warsaw, N.C.)</subfield><subfield code="w">(DLC)sn 95072285</subfield></datafield></record>